@misc{ block2,
    author = "Marco Dijkslag, Mathay Kahraman, Yoep Kortekaas, and Sam Witt",
    title = "Economics of Cyber Security Assignment Block 2",
    year = "2019",
    month = "September",
    howpublished = {\url{https://github.com/kahraman11/EOS2019/blob/master/Block\%202/report/Economics_of_Cyber_Security_Final.pdf}},
    note = {Accessed: }
}

@misc{ block3,
    author = "Marco Dijkslag, Mathay Kahraman, Yoep Kortekaas, and Sam Witt",
    title = "Economics of Cyber Security Assignment Block 3",
    year = "2019",
    month = "October",
    howpublished = {\url{https://github.com/kahraman11/EOS2019/blob/master/Block\%203/report/Economics_of_Cyber_Security_Final.pdf}},
    note = {Accessed: }
}
       
@misc{ block4,
    author = "Marco Dijkslag, Mathay Kahraman, Yoep Kortekaas, and Sam Witt",
    title = "Economics of Cyber Security Assignment Block 4",
    year = "2019",
    month = "October",
    howpublished = {\url{https://github.com/kahraman11/EOS2019/raw/master/Block%204/report/Economics_of_Cyber_Security_Final.pdf}},
    note = {Accessed: }
}
       
@misc{ amount_iot_devices,
    publisher = {IHS},
    title = " Internet of Things (IoT) connected devices installed base worldwide from 2015 to 2025 (in billions)",
    year = "2016", 
    howpublished = {\url{https://www.statista.com/statistics/471264/iot-number-of-connected-devices-worldwide/}},
    note = {Accessed: }
}

@misc{ ovh,
    author = "Dan Goodin",
    title = "Record-breaking DDoS reportedly delivered by $>$145k hacked cameras",
    year = "2016",
    month = "September",
    howpublished = {\url{https://arstechnica.com/information-technology/2016/09/botnet-of-145k-cameras-reportedly-deliver-internets-biggest-ddos-ever/}},
    note = {Accessed: }
}
       
@misc{ how_mirai_works,
    author = " Andrew Tierney",
    title = "What is Mirai? The malware explained",
    year = "2016",
    month = "November",
    howpublished = {\url{https://www.pentestpartners.com/security-blog/what-is-mirai-the-malware-explained/}},
    note = {Accessed: }
}
    
@misc{ angrishi2017turning,
    title={Turning Internet of Things(IoT) into Internet of Vulnerabilities (IoV) : IoT Botnets},
    author={Kishore Angrishi},
    year={2017},
    eprint={1702.03681},
    archivePrefix={arXiv},
    primaryClass={cs.NI}
}

@article{ Kolias2017,
    doi = {10.1109/mc.2017.201},
    url = {https://doi.org/10.1109/mc.2017.201},
    year = {2017},
    publisher = {Institute of Electrical and Electronics Engineers ({IEEE})},
    volume = {50},
    number = {7},
    pages = {80--84},
    author = {Constantinos Kolias and Georgios Kambourakis and Angelos Stavrou and Jeffrey Voas},
    title = {{DDoS} in the {IoT}: Mirai and Other Botnets},
    journal = {Computer}
}

@article{ Khan2018,
  doi = {10.1016/j.future.2017.11.022},
  url = {https://doi.org/10.1016/j.future.2017.11.022},
  year = {2018},
  month = may,
  publisher = {Elsevier {BV}},
  volume = {82},
  pages = {395--411},
  author = {Minhaj Ahmad Khan and Khaled Salah},
  title = {{IoT} security: Review,  blockchain solutions,  and open challenges},
  journal = {Future Generation Computer Systems}
}

@ARTICLE{ Zhou2019,
    author={W. {Zhou} and Y. {Jia} and A. {Peng} and Y. {Zhang} and P. {Liu}},
    journal={IEEE Internet of Things Journal},
    title={The Effect of IoT New Features on Security and Privacy: New Threats, Existing Solutions, and Challenges Yet to Be Solved},
    year={2019},
    volume={6},
    number={2},
    pages={1606-1616},
    keywords={data privacy;Internet of Things;home appliances;industrial production;smart home;industrial automation;privacy threats;IoT threats;IoT features;healthcare;IoT security research;Privacy;Protocols;Internet of Things;Smart homes;Computer security;Feature extraction;Internet-of-Things (IoT);IoT features;privacy;security;survey},
    doi={10.1109/JIOT.2018.2847733},
    ISSN={},
    month={April}
}

@inproceedings{Jerkins2017,
  doi = {10.1109/ccwc.2017.7868464},
  url = {https://doi.org/10.1109/ccwc.2017.7868464},
  year = {2017},
  month = jan,
  publisher = {{IEEE}},
  author = {James A. Jerkins},
  title = {Motivating a market or regulatory solution to {IoT} insecurity with the Mirai botnet code},
  booktitle = {2017 {IEEE} 7th Annual Computing and Communication Workshop and Conference ({CCWC})}
}

@misc{ Common_cyber_crime,
  title = {Forms of cybercrime},
  publisher = {Government of the Netherlands},
  howpublished = {\url{https://www.government.nl/topics/cybercrime/forms-of-cybercrime}},
  note = {Accessed: }
}

@misc{ iot_honeypot_dataset,
  title = {IoT honeypot dataset},
  publisher = {Surfnet},
  howpublished = {\url{https://surfdrive.surf.nl/files/index.php/s/3Ww3pejYPon9BWF/download}},
  note = {Accessed: }
}

@misc{ spamhaus_zen,
  title = {Spamhaus ZEN spam blacklist},
  publisher = {Spamhaus},
  howpublished = {\url{https://www.spamhaus.org/zen/}},
  note = {Accessed: }
}

@misc{ phishtank,
  title = {Phishtank phishing data set},
  publisher = {Phishtank},
  howpublished = {\url{http://data.phishtank.com/data/online-valid.json}},
  note = {Accessed: }
}

@misc{ malwaredomainlist,
  title = {Malware Domain List malicious IP dataset},
  publisher = {Malware Domain List},
  howpublished = {\url{http://www.malwaredomainlist.com/hostslist/ip.txt}},
  note = {Accessed: }
}

@misc{ malc0de,
  title = {Malc0de malicious IP dataset},
  publisher = {Malc0de},
  howpublished = {\url{http://malc0de.com/bl/IP_Blacklist.txt}},
  note = {Accessed: }
}
